@article{10.1109/64.21887,
author = {David Leinweber},
title = {Knowledge-Based Systems for Financial Applications},
journal ={IEEE Intelligent Systems},
volume = {3},
number = {3},
issn = {0885-9000},
year = {1988},
pages = {18-31},
url = {http://www.it.iitb.ac.in/~palwencha/ES/J_Papers/ES3.pdf},
publisher = {IEEE Computer Society},
address = {Los Alamitos, CA, USA},
}


@article{frankel2014effects,
  title={Effects of speculation and interest rates in a “carry trade” model of commodity prices},
  author={Frankel, Jeffrey A},
  journal={Journal of International Money and Finance},
  volume={42},
  pages={88--112},
  year={2014},
  url = {http://www.sciencedirect.com/science/article/pii/S0261560613001083},  
  publisher={Elsevier}
}