@inproceedings{areias2015studying,
	title={Studying the propagation of failures in SOAs},
	author={Areias, Cristiana and Cunha, Jo{\~a}o Carlos and Vieira, Marco},
	booktitle={Dependable Systems and Networks Workshops (DSN-W), 2015 IEEE International Conference on},
	pages={81--86},
	year={2015},
	organization={IEEE}
}

@techreport{rumelhart1985learning,
	title={Learning internal representations by error propagation},
	author={Rumelhart, David E and Hinton, Geoffrey E and Williams, Ronald J},
	year={1985},
	institution={California Univ San Diego La Jolla Inst for Cognitive Science}
}

@ARTICLE{Jang1993,
	author={J. -. R. {Jang}},
	journal={IEEE Transactions on Systems, Man, and Cybernetics}, 
	title={ANFIS: adaptive-network-based fuzzy inference system}, 
	year={1993},
	volume={23},
	number={3},
	pages={665-685},
	doi={10.1109/21.256541},
	ISSN={2168-2909},
	month={May},}
